@misc(envoy:protoc-gen-validate,
    organization = {Envoy},
    title = {\texttt{protoc-gen-validate}},
    year = {2021},
    publisher = {GitHub},
    journal = {GitHub Repository},
    howpublished = {\url{https://github.com/envoyproxy/protoc-gen-validate}})

@misc(googl:protobuf,
    organization = {Google},
    title = {Protocol Buffers},
    year = {2008},
    publisher = {Google},
    howpublished = {\url{https://developers.google.com/protocol-buffers}})

@misc(googl:protoc,
    organization = {Google},
    title = {Protocol Buffers Compiler},
    year = {2008},
    publisher = {GitHub},
    journal = {GitHub Repository},
    howpublished = {\url{https://github.com/protocolbuffers/protobuf}})

@misc(googl:grpc,
    organization = {Google},
    title = {gRPC Remote Procedure Calls},
    year = {2016},
    howpublished = {\url{https://grpc.io/}})

@misc(openapi:gen,
    organization = {OpenAPITools},
    title = {OpenAPI Generator},
    year = {2018},
    publisher = {GitHub},
    journal = {GitHub repository},
    howpublished = {\url{https://github.com/OpenAPITools/openapi-generator}},
    commit = {da37e980d3fffb379bd8b7683dc08a4a8eebd671})

@misc(openapi:spec,
    organization = {OpenAPI Initiative},
    title = {OpenAPI Specification},
    year = 2021,
    version = "3.1.0",
    howpublished = {\url{https://spec.openapis.org/oas/v3.1.0}})

@misc(wsdl:spec,
    organization = {World Wide Web Consortium},
    title = {Web Service Description Language Primer},
    year = 2007,
    version = "2.0",
    howpublished = {\url{https://www.w3.org/TR/wsdl20-primer/}})

@phdthesis{10.5555/932295,
    author = {Fielding, Roy Thomas and Taylor, Richard N.},
    title = {Architectural Styles and the Design of Network-Based Software Architectures},
    year = {2000},
    isbn = {0599871180},
    publisher = {University of California, Irvine},
    note = {AAI9980887}
}

@article{5010260,
    author={Gaffney, John E.},
    journal={IEEE Transactions on Software Engineering},
    title={Estimating the Number of Faults in Code},
    year={1984},
    volume={SE-10},
    number={4},
    pages={459-464},
    doi={10.1109/TSE.1984.5010260}}

@inproceedings{9159071,
    author={Karlsson, Stefan and Čaušević, Adnan and Sundmark, Daniel},
    booktitle={2020 IEEE 13th International Conference on Software Testing, Validation and Verification (ICST)},
    title={QuickREST: Property-based Test Generation of OpenAPI-Described RESTful APIs},
    year={2020},
    volume={},
    number={},
    pages={131-141},
    doi={10.1109/ICST46399.2020.00023}}
